@misc{texlive,
  author = {Rahtz, Sebastian and Kakuto, Akira and  Yamashita, Hironobu and Kitagawa, Hironori and Berry, Karl and Scarso, Luigi  and Miklavec, Mojca and Preining, Norbert and Kotucha, Reinhard  and Kroonenberg, Siep and Tanaka, Takuji },
  title = {TeX Live},
  howpublished = {[EB/OL]},
  note = {\url{https://www.tug.org/texlive/}},
}

@misc{vscode,
  author = {Microsoft},
  title = {Visual Studio Code},
  howpublished = {[EB/OL]},
  note = {\url{https://code.visualstudio.com/}},
}

@misc{overleaf,
  author = {Overleaf},
  title = {Overleaf},
  howpublished = {[EB/OL]},
  note = {\url{https://www.overleaf.com/}},
}

@book{knuth1984texbook,
  title={The texbook},
  author={Knuth, Donald Ervin and Bibby, Duane},
  volume={15},
  year={1984},
  publisher={Addison-Wesley Reading}
}

@misc{cdut_lab_report,
  author = {成都理工大学},
  title = {成都理工大学本科生实验报告模板},
  howpublished = {[EB/OL]},
  note = {\url{http://static.latexstudio.net/article/2019/0324/CDUT_Lab_report.rar}},
}